<record><leader>04109cam a22004578i 45 0</leader><controlfield tag="001">6756927</controlfield><controlfield tag="003">OCoLC</controlfield><controlfield tag="005">20150129131223.0</controlfield><controlfield tag="008">150126s2015    nyu      b    001 0deng  </controlfield><datafield ind1=" " ind2=" " tag="010"><subfield code="a">  2014032055</subfield></datafield><datafield ind1=" " ind2=" " tag="020"><subfield code="a">9780393082791 (hardcover)</subfield></datafield><datafield ind1=" " ind2=" " tag="020"><subfield code="a">0393082792 (hardcover)</subfield></datafield><datafield ind1=" " ind2=" " tag="035"><subfield code="a">ocn900241297</subfield></datafield><datafield ind1=" " ind2=" " tag="040"><subfield code="a">DLC</subfield><subfield code="b">eng</subfield><subfield code="e">rda</subfield><subfield code="c">DLC</subfield><subfield code="d">YDXCP</subfield><subfield code="d">SINLB</subfield><subfield code="d">LE#</subfield><subfield code="d">AFMK</subfield></datafield><datafield ind1=" " ind2=" " tag="042"><subfield code="a">pcc</subfield></datafield><datafield ind1=" " ind2=" " tag="043"><subfield code="a">e-ie---</subfield></datafield><datafield ind1="0" ind2="0" tag="050"><subfield code="a">DA962</subfield><subfield code="b">.F67 2015</subfield></datafield><datafield ind1="0" ind2="0" tag="082"><subfield code="a">941.5082/1</subfield><subfield code="2">23</subfield></datafield><datafield ind1=" " ind2=" " tag="090"><subfield code="a">DA 962 F67 2015</subfield><subfield code="b">AFMK</subfield></datafield><datafield ind1=" " ind2=" " tag="090"><subfield code="a">DA 962 F67 2015</subfield><subfield code="b">AEU</subfield></datafield><datafield ind1="1" ind2=" " tag="100"><subfield code="a">Foster, R. F.</subfield><subfield code="q">(Robert Fitzroy),</subfield><subfield code="d">1949-</subfield></datafield><datafield ind1="1" ind2="0" tag="245"><subfield code="a">Vivid faces :</subfield><subfield code="b">the revolutionary generation in Ireland, 1890-1923 /</subfield><subfield code="c">R.F. Foster.</subfield></datafield><datafield ind1=" " ind2=" " tag="250"><subfield code="a">First American edition.</subfield></datafield><datafield ind1=" " ind2="1" tag="264"><subfield code="a">New York :</subfield><subfield code="b">W.W. Norton &amp; Company,</subfield><subfield code="c">2015.</subfield></datafield><datafield ind1=" " ind2=" " tag="300"><subfield code="a">xxiii, 463 pages, 16 unnumbered pages of plates :</subfield><subfield code="b">illustrations, portraits ;</subfield><subfield code="c">24 cm</subfield></datafield><datafield ind1=" " ind2=" " tag="336"><subfield code="a">text</subfield><subfield code="b">txt</subfield><subfield code="2">rdacontent</subfield></datafield><datafield ind1=" " ind2=" " tag="337"><subfield code="a">unmediated</subfield><subfield code="b">n</subfield><subfield code="2">rdamedia</subfield></datafield><datafield ind1=" " ind2=" " tag="338"><subfield code="a">volume</subfield><subfield code="b">nc</subfield><subfield code="2">rdacarrier</subfield></datafield><datafield ind1=" " ind2=" " tag="504"><subfield code="a">Includes bibliographical references and index.</subfield></datafield><datafield ind1="0" ind2=" " tag="505"><subfield code="a">Introduction: The Ireland of yesterday -- Fathers and children -- Learning -- Playing -- Loving -- Writing -- Arming -- Fighting -- Reckoning -- Remembering -- Conclusion: Freedoms -- Biographical appendix.</subfield></datafield><datafield ind1="2" ind2=" " tag="520"><subfield code="a">"A masterful history of Ireland's Easter Rising told through the lives of ordinary people who forged a revolutionary generation. On Easter Monday, 1916, Irish rebels poured into Dublin's streets to proclaim an independent republic. Ireland's long struggle for self-government had suddenly become a radical and bloody fight for independence from Great Britain. Irish nationalists mounted a week-long insurrection, occupying public buildings and creating mayhem before the British army regained control. The Easter Rising provided the spark for the Irish revolution, a turning point in the violent history of Irish independence. In this highly original history, acclaimed scholar R.F. Foster explores the human dimension of this pivotal event. He focuses on the ordinary men and women, Yeats's 'vivid faces,' who rose 'from counter or desk among grey / Eighteenth-century houses' and took to the streets. A generation made, not born, they rejected the inherited ways of the Church, their bourgeois families, and British rule. They found inspiration in the ideals of socialism and feminism, in new approaches to love, art, and belief. Drawing on fresh sources, including personal letters and diaries, Foster summons his characters to life. We meet Rosamond Jacob, who escaped provincial Waterford for bustling Dublin. On a jaunt through the city she might visit a modern art gallery, buy cigarettes, or read a radical feminist newspaper. She could practice the Irish language, attend a lecture on Freud, or flirt with a man who would later be executed for his radical activity. These became the roots of a rich life of activism in Irish and women's causes. Vivid Faces shows how Rosamond and her peers were galvanized to action by a vertiginous sense of transformation: as one confided to his diary, 'I am changing and things around me change.' Politics had fused with the intimacies of love and belief, making the Rising an event not only of the streets but also of the hearts and minds of a generation"--From publisher's website.</subfield></datafield><datafield ind1=" " ind2=" " tag="596"><subfield code="a">8 43</subfield></datafield><datafield ind1=" " ind2="0" tag="650"><subfield code="a">Revolutions</subfield><subfield code="x">Social aspects</subfield><subfield code="z">Ireland</subfield><subfield code="x">History</subfield><subfield code="y">20th century.</subfield></datafield><datafield ind1=" " ind2="0" tag="650"><subfield code="a">Social change</subfield><subfield code="z">Ireland</subfield><subfield code="x">History</subfield><subfield code="y">20th century.</subfield></datafield><datafield ind1=" " ind2="0" tag="650"><subfield code="a">Politics and culture</subfield><subfield code="z">Ireland</subfield><subfield code="x">History</subfield><subfield code="y">20th century.</subfield></datafield><datafield ind1=" " ind2="0" tag="651"><subfield code="a">Ireland</subfield><subfield code="x">History</subfield><subfield code="y">Easter Rising, 1916</subfield><subfield code="x">Social aspects.</subfield></datafield><datafield ind1=" " ind2="0" tag="651"><subfield code="a">Ireland</subfield><subfield code="x">History</subfield><subfield code="y">Easter Rising, 1916</subfield><subfield code="v">Biography.</subfield></datafield><datafield ind1=" " ind2="0" tag="651"><subfield code="a">Ireland</subfield><subfield code="x">History</subfield><subfield code="y">War of Independence, 1919-1921</subfield><subfield code="x">Social aspects.</subfield></datafield><datafield ind1=" " ind2="0" tag="651"><subfield code="a">Ireland</subfield><subfield code="x">History</subfield><subfield code="y">Civil War, 1922-1923</subfield><subfield code="x">Social aspects.</subfield></datafield><datafield ind1=" " ind2=" " tag="926"><subfield code="a">DA 962 F67 2015</subfield><subfield code="w">LC</subfield><subfield code="c">1</subfield><subfield code="i">34917001372254</subfield><subfield code="l">ON_SHELF</subfield><subfield code="m">KEYANO</subfield><subfield code="p">$23.96</subfield><subfield code="r">Y</subfield><subfield code="s">Y</subfield><subfield code="t">BOOK</subfield><subfield code="u">12/10/2014</subfield><subfield code="o">.STAFF. Rec'd Jan/15 MW</subfield></datafield><datafield ind1=" " ind2=" " tag="926"><subfield code="a">DA 962 F67 2015</subfield><subfield code="w">LC</subfield><subfield code="c">1</subfield><subfield code="i">0162035251998</subfield><subfield code="d">4/22/2015</subfield><subfield code="e">3/18/2015</subfield><subfield code="l">ON_SHELF</subfield><subfield code="m">UAHSS</subfield><subfield code="n">1</subfield><subfield code="p">$150.00</subfield><subfield code="r">Y</subfield><subfield code="s">Y</subfield><subfield code="t">BOOK</subfield><subfield code="u">3/12/2015</subfield></datafield></record>